@INPROCEEDINGS{geng2018,
author={G. Geng and Z. Yan and Y. Zeng and X. Jin},
booktitle={2018 IEEE International Conference on Consumer Electronics (ICCE)},
title={RRPhish: Anti-phishing via mining brand resources request},
year={2018},
volume={},
number={},
pages={1-2},
keywords={computer crime;data mining;Internet;brand resources request mining;anti-phishing technology;enhanced blacklist technology;phishing sites;image files;phishing attacks;mobile payment;electronic banking;phishing fraud;anti-phishing studies;RRPhish;Phishing;Blacklisting;Cascading style sheets;Browsers;Web pages;Feature extraction;Uniform resource locators;phishing sites;anti-phishing;phishing detection},
doi={10.1109/ICCE.2018.8326085},
ISSN={2158-4001},
month={Jan},}

@INPROCEEDINGS{churi2017,
author={T. Churi and P. Sawardekar and A. Pardeshi and P. Vartak},
booktitle={2017 International Conference on Innovations in Information, Embedded and Communication Systems (ICIIECS)},
title={A secured methodology for anti-phishing},
year={2017},
volume={},
number={},
pages={1-4},
keywords={computer crime;Web sites;preventive anti-phishing technique;phishing attacks;consumer credentials;prevention strategies;on-line robbery;phishing detection;Phishing;Cryptography;Visualization;Servers;Technological innovation;Communication systems;Password;Anti-phishing;code generation;phishing attacks;techniques;security;unique code;shares;visual cryptography},
doi={10.1109/ICIIECS.2017.8276081},
ISSN={},
month={March},}

@INPROCEEDINGS{geng2013,
author={Guang-Gang Geng and Xiao-Dong Lee and Wei Wang and Shian-Shyong Tseng},
booktitle={2013 APWG eCrime Researchers Summit},
title={Favicon - a clue to phishing sites detection},
year={2013},
volume={},
number={},
pages={1-10},
keywords={computer crime;information filtering;Internet;query processing;unsolicited e-mail;Web sites;phishing sites detection method;anti-phishing methods;user identity;statistical learning;visual element-favicon;favicon detection method;favicon recognition method;DNS filtering algorithm;PageRank;PhishTank;legitimate Web pages;DMOZ;Web query environment;Google;Web pages;Visualization;Browsers;Electronic mail;Image recognition;Gray-scale;Phishing attacks Recognition;Favicon detection;Favicon recognition},
doi={10.1109/eCRS.2013.6805775},
ISSN={},
month={Sept},}

@INPROCEEDINGS{aravindhan2016,
author={R. Aravindhan and R. Shanmugalakshmi and K. Ramya and Selvan C.},
booktitle={2016 3rd International Conference on Advanced Computing and Communication Systems (ICACCS)},
title={Certain investigation on web application security: Phishing detection and phishing target discovery},
year={2016},
volume={01},
number={},
pages={1-10},
keywords={computer crime;fraud;Internet;Web sites;Web application security;phishing target discovery;phishing detection;Internet;sensitive information;fraudulent Web site;Web community;Web site impersonation;tab nabbing;Electronic mail;Postal services;Browsers;Databases;Internet;Organizations;Information filtering;phishing;Anti-phishing;profile cloning;Phish Tank;Gold Phish},
doi={10.1109/ICACCS.2016.7586405},
ISSN={},
month={Jan},}

@ARTICLE{pham2018,
author={C. Pham and L. A. T. Nguyen and N. H. Tran and E. Huh and C. S. Hong},
journal={IEEE Transactions on Network and Service Management},
title={Phishing-Aware: A Neuro-Fuzzy Approach for Anti-Phishing on Fog Networks},
year={2018},
volume={15},
number={3},
pages={1076-1089},
keywords={computer crime;distributed processing;fuzzy neural nets;fuzzy systems;Internet;learning (artificial intelligence);unsolicited e-mail;Web sites;phishing detection;gateway anti-phishing;phishing attacks;fog networks;anti-phishing gateway;hardware-based approaches;phishing Websites;neuro-fuzzy framework;Internet security;robust machine learning techniques;uniform resource locator features;Web traffic features;fog computing;Cisco;Phishing;Uniform resource locators;Feature extraction;Cloud computing;Edge computing;Neural networks;Databases;Phishing websites;neuro-fuzzy network;neural network;fuzzy;fog computing;cloud computing},
doi={10.1109/TNSM.2018.2831197},
ISSN={1932-4537},
month={Sept},}

@INPROCEEDINGS{li2017,
author={J. Li and S. Wang},
booktitle={2017 IEEE 15th Intl Conf on Dependable, Autonomic and Secure Computing, 15th Intl Conf on Pervasive Intelligence and Computing, 3rd Intl Conf on Big Data Intelligence and Computing and Cyber Science and Technology Congress(DASC/PiCom/DataCom/CyberSciTech)},
title={PhishBox: An Approach for Phishing Validation and Detection},
year={2017},
volume={},
number={},
pages={557-564},
keywords={computer crime;learning (artificial intelligence);unsolicited e-mail;Web sites;phishing detection;two-stage model;phishing websites;blacklist;phishing validation;short life time;two-stage detection model;ensemble validation model;validated phishing data;false-positive rate;PhishBox;PhishTank;Phishing;Big Data;Monitoring;Visualization;Analytical models;Data models;Phishing attacks;Phishing validation;Phishing detection;Active learning},
doi={10.1109/DASC-PICom-DataCom-CyberSciTec.2017.101},
ISSN={},
month={Nov},}


@INPROCEEDINGS{baykara2018,
author={M. Baykara and Z. Z. Gürel},
booktitle={2018 6th International Symposium on Digital Forensic and Security (ISDFS)},
title={Detection of phishing attacks},
year={2018},
volume={},
number={},
pages={1-5},
keywords={Bayes methods;computer crime;digital simulation;electronic mail;unsolicited e-mail;cyber attack;attacker;malicious links;attachments;e-mail;login credentials;e-mails harm victims;money loss;identity theft;Anti Phishing Simulator;detection problem;phishing emails;spam mails;mail contents;phishing attacks;official person;communication mediums;spam words;Bayesian algorithm;Phishing;Electronic mail;Postal services;Classification algorithms;Bayes methods;Uniform resource locators;Filtering;information security;intrusion detection;phishing attacks;intrusion detection systems},
doi={10.1109/ISDFS.2018.8355389},
ISSN={},
month={March},}

@ARTICLE{greene2018,
author={K. Greene and M. Steves and M. Theofanos},
journal={Computer},
title={No Phishing beyond This Point},
year={2018},
volume={51},
number={6},
pages={86-89},
keywords={computer crime;computer literacy;unsolicited e-mail;simulated phishing emails;embedded phishing awareness training;employees;organisational security;user security awareness training;Phishing;Training;NIST;Market research;Cybertrust;security;cybersecurity;phishing;training},
doi={10.1109/MC.2018.2701632},
ISSN={0018-9162},
month={June},}

@ARTICLE{marchal2014,
author={S. Marchal and J. François and R. State and T. Engel},
journal={IEEE Transactions on Network and Service Management},
title={PhishStorm: Detecting Phishing With Streaming Analytics},
year={2014},
volume={11},
number={4},
pages={458-471},
keywords={Big Data;computer crime;data analysis;data structures;feature extraction;learning (artificial intelligence);pattern classification;search engines;unsolicited e-mail;Web sites;Bloom filter;advanced data structures;STORM;big data architectures;real-time analytics;URL phishingness rating system;legitimate URLs;machine-learning-based classification;Google search engines;Yahoo search engines;query data;feature extraction;intraURL relatedness;HTTP proxy;email server;automated phishing detection system;real-time phishing URL detection techniques;proactive phishing URL detection techniques;phishing Web sites;URL blacklisting;prevention techniques;streaming analytics;PhishStorm;Uniform resource locators;Google;Search engines;Market research;Feature extraction;Media streaming;Phishing;Security Management;Machine Learning;Mining and Statistical Methods;Phishing Detection;URL Rating;Word Relatedness;Search Engine Query Data;Big Data;STORM;Security management;machine learning;mining and statistical methods;phishing detection;URL rating;word relatedness;search engine query data;big data;STORM},
doi={10.1109/TNSM.2014.2377295},
ISSN={1932-4537},
month={Dec},}

@INPROCEEDINGS{lakhita2015, 
author={Lakhita and S. Yadav and B. Bohra and Pooja}, 
booktitle={2015 International Conference on Green Computing and Internet of Things (ICGCIoT)}, 
title={A review on recent phishing attacks in Internet}, 
year={2015}, 
volume={}, 
number={}, 
pages={1312-1315}, 
keywords={computer crime;Internet;invasive software;text analysis;unsolicited e-mail;Web sites;phishing attacks;Internet;cyber-crime;illegal activity;phishing emails;email messages;phishing Website;URL;malware code;socially engineered messages;textual analysis;email classification;Electronic mail;Malware;Internet;Browsers;Uniform resource locators;Companies;Phishing Attacks;Security;Tabnapping}, 
doi={10.1109/ICGCIoT.2015.7380669}, 
ISSN={}, 
month={Oct},}